@book{claus2006duden,
    title={Duden - Informatik A - Z: Fachlexikon f{\"u}r Studium, Ausbildung und Beruf},
    author={Claus, Volker},
    isbn={9783411052349},
    year={2006},
    publisher={Dudenverlag}
}

@online{google:potvin,
    title= {Why Google Stores Billions of Lines of Code in a Single Repository},
    date={2015},
    organization={Youtube},
    author={Potvin, Rachel},
    url={https://www.youtube.com/watch?v=W71BTkUbdqE}
}

@online{google:sys_des:searches,
    title= {Google now handles at least 2 trillion searches per year},
    date={2016},
    organization={Search Engine Land},
    author={Sullivan, Danny},
    url={https://searchengineland.com/google-now-handles-2-999-trillion-searches-per-year-250247}
}


@online{google:down:chart,
    title= {Google’s downtime caused a 40\% drop in global traffic},
    date={2013},
    organization={GoSquared Engineering},
    author={Tabor, Simon},
    url={https://engineering.gosquared.com/googles-downtime-40-drop-in-traffic}
}

@online{google:down:costs,
    title= {5-minute outage costs Google \$545,000 in revenue},
    year={2013},
    organization={VentureBeat},
    author={Tweney, Dylan },
    
    url={https://venturebeat.com/2013/08/16/3-minute-outage-costs-google-545000-in-revenue/}
}

@online{google:alg:storage,
    title= {Wie funktioniert die Google-Suche? - Crawling und Indexierung},
    date={2019},
    organization={Google},
    url={https://www.google.com/search/howsearchworks/crawling-indexing/}
}

@online{google:alg:index,
    title= {The Original GOOGLE Computer Storage [Page and Brin] (1996)},
    organization={Stanford University},
    url={http://infolab.stanford.edu/pub/voy/museum/pictures/display/0-4-Google.htm}
}

@online{google:dist:infra,
    title= {The Original GOOGLE Computer Storage [Page and Brin] (1996)},
    organization={Google Cloud},
    author={Sloss, Ben Treynor},
    date={2018},
    url={https://cloud.google.com/blog/topics/inside-google-cloud/expanding-our-global-infrastructure-new-regions-and-subsea-cables}
}

@online{google:dist:datacenter,
    title= {Where Are Your Google Cloud Data Center Locations?},
    organization={Kinsta},
    date={2019},
    url={https://kinsta.com/knowledgebase/google-cloud-data-center-locations/}
}

@online{google:arch:stack,
    title= {Operating system support for warehouse-scale computing},
    author={Schwarzkopf, Malte},
    date={2015},
    url={https://www.repository.cam.ac.uk/handle/1810/279062}
}

@book{Muller2015,
    address = {Wiesbaden},
    author = {M{\"{u}}ller, Heinrich and Weichert, Frank},
    doi = {10.1007/978-3-658-08102-7},
    isbn = {978-3-658-08101-0},
    publisher = {Springer Fachmedien Wiesbaden},
    title = {{Vorkurs Informatik}},
    url = {http://link.springer.com/10.1007/978-3-658-08102-7},
    year = {2015}
}

@online{gabler:programmierung, 
    title={Programmentwicklung},
    author={Lackes, Richard and Siepermann, Markus},
    year = {2018},
    url = {https://wirtschaftslexikon.gabler.de/definition/programmentwicklung-45466/version-268758}
}

@online{fig:programming_languages, 
    title={Programming languages},
    organisation={Wiziq Inc.},
    year = {2015},
    url = {https://upload.wikimedia.org/wikipedia/commons/0/0d/Prog-languages.png}
}

@online{fig:tiobe2019, 
    title={TIOBE Index for December 2019},
    organisation={TIOBE Software BV},
    year={2019},
    month={12},
    url={https://www.tiobe.com/tiobe-index/}
}


@online{fig:tiobe2001-2019, 
    title={TIOBE Programming Community Index},
    organisation={TIOBE Software BV},
    year={2019},
    month={12},
    url={https://www.tiobe.com/tiobe-index/}
}

@online{fig:voyager, 
    title={Why NASA Needs a Programmer Fluent In 60-Year-Old Languages},
    author = {Wenz, John},
    year={2015},
    month={10},
    url={https://www.popularmechanics.com/space/a17991/voyager-1-voyager-2-retiring-engineer/}
}


@online{fig:hello_world_piet, 
    title={Programm in der Programmiersprache Piet, Ausgabe: „Hello, World!“},
    author={Schoch, Thomas},
    year={2006},
    month={02},
    url={https://commons.wikimedia.org/wiki/File:Piet_Program_Hello_World(1).gif}
}

@book{leimeister,
  title={Einf{\"u}hrung in die Wirtschaftsinformatik},
  author={Leimeister, J.M.},
  isbn={9783540778479},
  year={2015},
  publisher={Springer Berlin Heidelberg}
}

@online{shakespeare_pl, 
    title={The Shakespeare Programming Language},
    author={Wiberg, Karl and Åslund, Jon},
    url={http://shakespearelang.sourceforge.net/}
}

@online{trumpscript, 
    title={TrumpScript},
    author={Cannon, Lewis},
    year={2015},
    url={https://github.com/samshadwell/TrumpScript}
}

@online{piet, 
    title={Piet},
    author={Morgan-Mar, David},
    year={2018},
    url={https://www.dangermouse.net/esoteric/piet.html}
}

@online{brainfuck, 
    author={Wikipedia},
    title={Brainfuck},
    year={2019},
    url={https://de.wikipedia.org/wiki/Brainfuck}
}

@online{python_darpa,
    author={van Rossum, Guido},
    title={Computer Programming for Everybody},
    year={1999},
    url={https://www.python.org/doc/essays/everybody/}
}


@online{filesystems,
    organisation={Wikimedia},
    title={Illustration über den Vergleich von Dateisystem-Bäumen},
    year={2008},
    url={https://de.wikipedia.org/wiki/Datei:Filesystem.svg}
}

@inbook{AAIA,
author = {P. Jorant},
title = {Ariane 5 family},
booktitle = {Space Programs and Technologies Conference and Exhibit},
chapter = {},
pages = {},
doi = {10.2514/6.1993-4131},
URL = {https://arc.aiaa.org/doi/abs/10.2514/6.1993-4131},
eprint = {https://arc.aiaa.org/doi/pdf/10.2514/6.1993-4131}
}

@article{arianefailure,
author = {Systmes, Rseaux and Le Lann, Gerard and Systmes, Thme and Reflecs, Projet},
year = {1997},
month = {02},
pages = {},
title = {The Ariane 5 Flight 501 Failure - A Case Study in System Engineering for Computing Systems}
}

@online{ariane_explosion_img,
    url={https://medium.com/dataseries/crash-and-burn-a-short-story-of-ariane-5-flight-501-3a3c50e0e284},
    author={Bishr Tabbaa}
}